@online{kevin2018,
	author  = {Kevin Ball},
	title   = {The increasing nature of frontend complexity},
	date    = {2018-01-30},
	url     =
	{https://blog.logrocket.com/the-increasing-nature-of-frontend-complexity-b73c784c09ae},
	urldate = {2019-02-04},
}

@online{googleTrendsSPA,
	author  = {Google},
	title   = {Spa's trends},
	date    = {2019-02-10},
	url     = {https://trends.google.de/trends/explore?date=all&q=single page application},
	urldate = {2019-02-10},
}
