% This file was created with JabRef 2.10.
% Encoding: UTF8


@Book{test1995,
  Title                    = {test},
  Author                   = {test},
  Editor                   = {test},
  Publisher                = {test},
  Year                     = {1995},

  Owner                    = {roman},
  Timestamp                = {2017.09.21}
}

