@online{increasingNatureOfFrontendKevinBall2018,
	author  = {Kevin Ball},
	title   = {The increasing nature of frontend complexity},
	date    = {2018-01-30},
	url     = {https://blog.logrocket.com/the-increasing-nature-of-frontend-complexity-b73c784c09ae},
	urldate = {2019-02-04}
}

@book{patternsOfEnterpriseApplicationArchitectureMartinFowlerPresentationLayer,
	author = {Martin Fowler},
	title = {Patterns of Enterprise Application Architecture},
	publisher = {Addison-Wesley Professional},
	date = {2013-01-13},
    pages = {19-22}
}

@book{softwareArchitecturePatternMarkRichards2015PresentationLayer,
	author = {Mark Richards},
	title = {Software Architecture Patterns},
	publisher = {O’Reilly Media},
	date = {2015-02},
    pages = {1-5}
}

@book{threeTierArchitectureDonaldWolfe2013,
	author = {Donald Wolfe},
	title = {3-Tier Architecture in ASP.NET with C# tutorial},
	publisher = {SitePros2000.com},
	date = {2013-01-13}
}

@book{softwareArchitecturePatternMarkRichards2015,
	author = {Mark Richards},
	title = {Software Architecture Patterns},
	publisher = {O’Reilly Media},
	date = {2015-02}
}

@book{patternOrientedSoftwareArchitectureFrankBuschmann2007,
	author = {Frank Buschmann, Kevin Henney, Douglas C. Schmidt},
	title = {Pattern-Oriented Software Architecture, On Patterns and Pattern Languages},
	publisher = {John Wiley & Sons,},
	date = {2007-04-30}
}

@book{designPatternElementsOfErichGamma2000,
	author = {Erich Gamma},
	title = {Design Patterns: Elements of Reusable Object-Oriented Software},
	publisher = {Pearson Education India},
	date = {2000-10}
}

--MVC--

@online{theModelViewEditorTrygveReenskaug1979,
	author  = {Trygve Reenskaug},
	title   = {THING-MODEL-VIEW-EDITOR - an Example from a planningsystem},
	date    = {1979-05-12},
	url     = {http://heim.ifi.uio.no/~trygver/1979/mvc-1/1979-05-MVC.pdf},
	urldate = {2019-05-23},
	note 	= {The original MVC report} 
}

@online{modelsViewsControllersTrygveReenskaug1979,
	author  = {Trygve Reenskaug},
	title   = {MODELS - VIEWS - CONTROLLERS},
	date    = {1979-12-10},
	url     = {http://heim.ifi.uio.no/~trygver/1979/mvc-2/1979-12-MVC.pdf},
	urldate = {2019-05-23},
}

@report{aDescriptionOfTheModelViewControllerGlennE1988,
	author = {Glenn E. Krasner and Stephen T. Pope},
	title = {A Description of the Model-View-Controller User Interface Paradigm in the Smalltalk-80 System},
	institution = {ParcPlace Systems, Inc},
	year = {1988}
}

@book{professionalASP.NETMVC5,
	author = {Jon Galloway, Brad Wilson, K. Scott Allen, David Matson},
	title = {Professional ASP.NET MVC 5},
	publisher = {Pearson Education India},
	date = {2014-08-04}
}